%YAML 1.1
%TAG !u! tag:unity3d.com,2011:
--- !u!1 &841839370076436573
GameObject:
  m_ObjectHideFlags: 0
  m_CorrespondingSourceObject: {fileID: 0}
  m_PrefabInstance: {fileID: 0}
  m_PrefabAsset: {fileID: 0}
  serializedVersion: 6
  m_Component:
  - component: {fileID: 841839370076436577}
  - component: {fileID: 841839370076436578}
  - component: {fileID: 841839370076436579}
  - component: {fileID: 841839370076436572}
  - component: {fileID: 841839370076436576}
  - component: {fileID: 841839370076436583}
  - component: {fileID: 3804297480078035968}
  - component: {fileID: 6667893516944021841}
  - component: {fileID: 6667893516944021846}
  - component: {fileID: 5810176023924057602}
  - component: {fileID: 4370709300507485467}
  - component: {fileID: 9095141981379945116}
  m_Layer: 9
  m_Name: Player 2
  m_TagString: Player
  m_Icon: {fileID: 0}
  m_NavMeshLayer: 0
  m_StaticEditorFlags: 0
  m_IsActive: 1
--- !u!4 &841839370076436577
Transform:
  m_ObjectHideFlags: 0
  m_CorrespondingSourceObject: {fileID: 0}
  m_PrefabInstance: {fileID: 0}
  m_PrefabAsset: {fileID: 0}
  m_GameObject: {fileID: 841839370076436573}
  m_LocalRotation: {x: 0, y: -0.3420201, z: 0, w: 0.9396927}
  m_LocalPosition: {x: 164.41, y: 3.13, z: -69.23}
  m_LocalScale: {x: 1, y: 1, z: 1}
  m_Children:
  - {fileID: 6363999078818221728}
  - {fileID: 3597879559528227708}
  - {fileID: 6674913217558006963}
  - {fileID: 6674913217761579743}
  - {fileID: 5052588800159580690}
  - {fileID: 667999377577727154}
  - {fileID: 5441192518935739263}
  m_Father: {fileID: 0}
  m_RootOrder: 0
  m_LocalEulerAnglesHint: {x: 0, y: -40, z: 0}
--- !u!33 &841839370076436578
MeshFilter:
  m_ObjectHideFlags: 0
  m_CorrespondingSourceObject: {fileID: 0}
  m_PrefabInstance: {fileID: 0}
  m_PrefabAsset: {fileID: 0}
  m_GameObject: {fileID: 841839370076436573}
  m_Mesh: {fileID: 10208, guid: 0000000000000000e000000000000000, type: 0}
--- !u!23 &841839370076436579
MeshRenderer:
  m_ObjectHideFlags: 0
  m_CorrespondingSourceObject: {fileID: 0}
  m_PrefabInstance: {fileID: 0}
  m_PrefabAsset: {fileID: 0}
  m_GameObject: {fileID: 841839370076436573}
  m_Enabled: 0
  m_CastShadows: 1
  m_ReceiveShadows: 1
  m_DynamicOccludee: 1
  m_MotionVectors: 1
  m_LightProbeUsage: 1
  m_ReflectionProbeUsage: 1
  m_RayTracingMode: 2
  m_RenderingLayerMask: 1
  m_RendererPriority: 0
  m_Materials:
  - {fileID: 2100000, guid: c47fcbf01135c2e41afe3b241a11cbf6, type: 2}
  m_StaticBatchInfo:
    firstSubMesh: 0
    subMeshCount: 0
  m_StaticBatchRoot: {fileID: 0}
  m_ProbeAnchor: {fileID: 0}
  m_LightProbeVolumeOverride: {fileID: 0}
  m_ScaleInLightmap: 1
  m_ReceiveGI: 1
  m_PreserveUVs: 0
  m_IgnoreNormalsForChartDetection: 0
  m_ImportantGI: 0
  m_StitchLightmapSeams: 1
  m_SelectedEditorRenderState: 3
  m_MinimumChartSize: 4
  m_AutoUVMaxDistance: 0.5
  m_AutoUVMaxAngle: 89
  m_LightmapParameters: {fileID: 0}
  m_SortingLayerID: 0
  m_SortingLayer: 0
  m_SortingOrder: 0
--- !u!136 &841839370076436572
CapsuleCollider:
  m_ObjectHideFlags: 0
  m_CorrespondingSourceObject: {fileID: 0}
  m_PrefabInstance: {fileID: 0}
  m_PrefabAsset: {fileID: 0}
  m_GameObject: {fileID: 841839370076436573}
  m_Material: {fileID: 0}
  m_IsTrigger: 0
  m_Enabled: 0
  m_Radius: 0.5
  m_Height: 2
  m_Direction: 1
  m_Center: {x: 0, y: 0, z: 0}
--- !u!143 &841839370076436576
CharacterController:
  m_ObjectHideFlags: 0
  m_CorrespondingSourceObject: {fileID: 0}
  m_PrefabInstance: {fileID: 0}
  m_PrefabAsset: {fileID: 0}
  m_GameObject: {fileID: 841839370076436573}
  m_Material: {fileID: 0}
  m_IsTrigger: 0
  m_Enabled: 1
  serializedVersion: 2
  m_Height: 2
  m_Radius: 0.5
  m_SlopeLimit: 45
  m_StepOffset: 0.3
  m_SkinWidth: 0.08
  m_MinMoveDistance: 0.001
  m_Center: {x: 0, y: 0, z: 0}
--- !u!114 &841839370076436583
MonoBehaviour:
  m_ObjectHideFlags: 0
  m_CorrespondingSourceObject: {fileID: 0}
  m_PrefabInstance: {fileID: 0}
  m_PrefabAsset: {fileID: 0}
  m_GameObject: {fileID: 841839370076436573}
  m_Enabled: 1
  m_EditorHideFlags: 0
  m_Script: {fileID: 11500000, guid: 651c899eaf25d1e4998def278cb3dfc1, type: 3}
  m_Name: 
  m_EditorClassIdentifier: 
  controller: {fileID: 841839370076436576}
  maxSpeed: 50
  minSpeed: 20
  gravity: -10
  acceleration: 5
  deceleration: 0
  boostValue: 1
  turnSpeed: 150
  airControl: 0.3
  velocity: {x: 0, y: 0, z: 0}
  groundCheck: {fileID: 5052588800159580690}
  groundDistance: 0.4
  groundMask:
    serializedVersion: 2
    m_Bits: 256
  isGrounded: 0
  x: 0
  z: 0
  boost: {fileID: 3804297480078035968}
--- !u!114 &3804297480078035968
MonoBehaviour:
  m_ObjectHideFlags: 0
  m_CorrespondingSourceObject: {fileID: 0}
  m_PrefabInstance: {fileID: 0}
  m_PrefabAsset: {fileID: 0}
  m_GameObject: {fileID: 841839370076436573}
  m_Enabled: 1
  m_EditorHideFlags: 0
  m_Script: {fileID: 11500000, guid: 267aff81d096c014bb78bbbecb4f93c9, type: 3}
  m_Name: 
  m_EditorClassIdentifier: 
  jauge: {fileID: 0}
  empty: 0
  valueBoost: 1
  keyUp: 0
  boostMutiply: 1.2
  maxSpeed: 0
  refillSpeed: 0.2
  useSpeed: 0.5
  playerMovement: {fileID: 841839370076436583}
--- !u!114 &6667893516944021841
MonoBehaviour:
  m_ObjectHideFlags: 0
  m_CorrespondingSourceObject: {fileID: 0}
  m_PrefabInstance: {fileID: 0}
  m_PrefabAsset: {fileID: 0}
  m_GameObject: {fileID: 841839370076436573}
  m_Enabled: 1
  m_EditorHideFlags: 0
  m_Script: {fileID: 11500000, guid: 2efed54a521129f4f98a62269760813f, type: 3}
  m_Name: 
  m_EditorClassIdentifier: 
  die: 0
  respawn: 0
  timerDeath: 0
  invincible: 0
  timerInvicibility: 0
  life: 3
  addScore: 0
  bike: {fileID: 4226044174343993798}
  explosion: {fileID: 1268551388785339604}
  trail: {fileID: 5901886943539742890}
  respawnPoint: {fileID: 0}
  collisionScript: {fileID: 5810176023924057602}
  controller: {fileID: 0}
  deathSound: {fileID: 0}
  timerRespawn: {fileID: 0}
  timerInt: 0
--- !u!114 &6667893516944021846
MonoBehaviour:
  m_ObjectHideFlags: 0
  m_CorrespondingSourceObject: {fileID: 0}
  m_PrefabInstance: {fileID: 0}
  m_PrefabAsset: {fileID: 0}
  m_GameObject: {fileID: 841839370076436573}
  m_Enabled: 1
  m_EditorHideFlags: 0
  m_Script: {fileID: 11500000, guid: ebffc9673c1ea074598f2cc31626519a, type: 3}
  m_Name: 
  m_EditorClassIdentifier: 
  playerMovement: {fileID: 0}
  bike: {fileID: 4226044174343993798}
  turnAngle: 45
  y: 0
  actualAngle: {x: 0, y: 0, z: 0}
--- !u!114 &5810176023924057602
MonoBehaviour:
  m_ObjectHideFlags: 0
  m_CorrespondingSourceObject: {fileID: 0}
  m_PrefabInstance: {fileID: 0}
  m_PrefabAsset: {fileID: 0}
  m_GameObject: {fileID: 841839370076436573}
  m_Enabled: 1
  m_EditorHideFlags: 0
  m_Script: {fileID: 11500000, guid: 48ad0e2afba039643846104c962da03f, type: 3}
  m_Name: 
  m_EditorClassIdentifier: 
  death: {fileID: 0}
  origin: {fileID: 7565220675104104599}
  lifetime: 5
  trail: {fileID: 4381898577617380552}
  rate: 0.07
  playerLayer:
    serializedVersion: 2
    m_Bits: 512
  trailPoints: []
  scoreP: {fileID: 9095141981379945116}
--- !u!114 &4370709300507485467
MonoBehaviour:
  m_ObjectHideFlags: 0
  m_CorrespondingSourceObject: {fileID: 0}
  m_PrefabInstance: {fileID: 0}
  m_PrefabAsset: {fileID: 0}
  m_GameObject: {fileID: 841839370076436573}
  m_Enabled: 1
  m_EditorHideFlags: 0
  m_Script: {fileID: 11500000, guid: 8a2203325e617ba418bc8db540ba4668, type: 3}
  m_Name: 
  m_EditorClassIdentifier: 
  timeScript: {fileID: 0}
  death: 0
  scoreP: {fileID: 0}
  timerValueMax: 0
  timerValue: 0
  timerScore: 0
  timerAddScore: 0
  player: {fileID: 841839370076436573}
--- !u!114 &9095141981379945116
MonoBehaviour:
  m_ObjectHideFlags: 0
  m_CorrespondingSourceObject: {fileID: 0}
  m_PrefabInstance: {fileID: 0}
  m_PrefabAsset: {fileID: 0}
  m_GameObject: {fileID: 841839370076436573}
  m_Enabled: 1
  m_EditorHideFlags: 0
  m_Script: {fileID: 11500000, guid: 203616a3fad5f544cbe7bb413c343f1e, type: 3}
  m_Name: 
  m_EditorClassIdentifier: 
  score: 0
  scoreText: {fileID: 0}
--- !u!1 &1268551388785339604
GameObject:
  m_ObjectHideFlags: 0
  m_CorrespondingSourceObject: {fileID: 0}
  m_PrefabInstance: {fileID: 0}
  m_PrefabAsset: {fileID: 0}
  serializedVersion: 6
  m_Component:
  - component: {fileID: 5441192518935739263}
  - component: {fileID: 3032724521922373944}
  - component: {fileID: 3056823721753633867}
  m_Layer: 0
  m_Name: Explosion
  m_TagString: Untagged
  m_Icon: {fileID: 0}
  m_NavMeshLayer: 0
  m_StaticEditorFlags: 0
  m_IsActive: 1
--- !u!4 &5441192518935739263
Transform:
  m_ObjectHideFlags: 0
  m_CorrespondingSourceObject: {fileID: 0}
  m_PrefabInstance: {fileID: 0}
  m_PrefabAsset: {fileID: 0}
  m_GameObject: {fileID: 1268551388785339604}
  m_LocalRotation: {x: 0, y: 0, z: 0, w: 1}
  m_LocalPosition: {x: 0, y: 0, z: 0}
  m_LocalScale: {x: 1, y: 1, z: 1}
  m_Children: []
  m_Father: {fileID: 841839370076436577}
  m_RootOrder: 6
  m_LocalEulerAnglesHint: {x: 0, y: 0, z: 0}
--- !u!2083052967 &3032724521922373944
VisualEffect:
  m_ObjectHideFlags: 0
  m_CorrespondingSourceObject: {fileID: 0}
  m_PrefabInstance: {fileID: 0}
  m_PrefabAsset: {fileID: 0}
  m_GameObject: {fileID: 1268551388785339604}
  m_Enabled: 1
  m_Asset: {fileID: 8926484042661614526, guid: fd89cc030fa4a0b4f81ab3c29ca2a68c, type: 3}
  m_InitialEventName: OnPlay
  m_InitialEventNameOverriden: 0
  m_StartSeed: 0
  m_ResetSeedOnPlay: 1
  m_PropertySheet:
    m_Float:
      m_Array: []
    m_Vector2f:
      m_Array: []
    m_Vector3f:
      m_Array: []
    m_Vector4f:
      m_Array: []
    m_Uint:
      m_Array: []
    m_Int:
      m_Array: []
    m_Matrix4x4f:
      m_Array: []
    m_AnimationCurve:
      m_Array: []
    m_Gradient:
      m_Array:
      - m_Value:
          serializedVersion: 2
          key0: {r: 0.83282, g: 0.85344386, b: 1.083177, a: 0}
          key1: {r: 0.06370607, g: 0.8664026, b: 2.433572, a: 1}
          key2: {r: 0, g: 0, b: 0, a: 0.9577465}
          key3: {r: 0, g: 0, b: 0, a: 0}
          key4: {r: 0, g: 0, b: 0, a: 0}
          key5: {r: 0, g: 0, b: 0, a: 0}
          key6: {r: 0, g: 0, b: 0, a: 0}
          key7: {r: 0, g: 0, b: 0, a: 0}
          ctime0: 0
          ctime1: 65535
          ctime2: 0
          ctime3: 0
          ctime4: 0
          ctime5: 0
          ctime6: 0
          ctime7: 0
          atime0: 0
          atime1: 5975
          atime2: 61873
          atime3: 0
          atime4: 0
          atime5: 0
          atime6: 0
          atime7: 0
          m_Mode: 0
          m_NumColorKeys: 2
          m_NumAlphaKeys: 3
        m_Name: Particle Gradient
        m_Overridden: 1
    m_NamedObject:
      m_Array: []
    m_Bool:
      m_Array: []
--- !u!73398921 &3056823721753633867
VFXRenderer:
  m_ObjectHideFlags: 0
  m_CorrespondingSourceObject: {fileID: 0}
  m_PrefabInstance: {fileID: 0}
  m_PrefabAsset: {fileID: 0}
  m_GameObject: {fileID: 1268551388785339604}
  m_Enabled: 1
  m_CastShadows: 0
  m_ReceiveShadows: 0
  m_DynamicOccludee: 1
  m_MotionVectors: 0
  m_LightProbeUsage: 0
  m_ReflectionProbeUsage: 0
  m_RayTracingMode: 0
  m_RenderingLayerMask: 1
  m_RendererPriority: 0
  m_Materials:
  - {fileID: 0}
  - {fileID: 0}
  m_StaticBatchInfo:
    firstSubMesh: 0
    subMeshCount: 0
  m_StaticBatchRoot: {fileID: 0}
  m_ProbeAnchor: {fileID: 0}
  m_LightProbeVolumeOverride: {fileID: 0}
  m_ScaleInLightmap: 1
  m_ReceiveGI: 1
  m_PreserveUVs: 0
  m_IgnoreNormalsForChartDetection: 0
  m_ImportantGI: 0
  m_StitchLightmapSeams: 1
  m_SelectedEditorRenderState: 3
  m_MinimumChartSize: 4
  m_AutoUVMaxDistance: 0.5
  m_AutoUVMaxAngle: 89
  m_LightmapParameters: {fileID: 0}
  m_SortingLayerID: 0
  m_SortingLayer: 0
  m_SortingOrder: 0
--- !u!1 &2945997106221549263
GameObject:
  m_ObjectHideFlags: 0
  m_CorrespondingSourceObject: {fileID: 0}
  m_PrefabInstance: {fileID: 0}
  m_PrefabAsset: {fileID: 0}
  serializedVersion: 6
  m_Component:
  - component: {fileID: 7565220675104104599}
  m_Layer: 0
  m_Name: Origin
  m_TagString: Untagged
  m_Icon: {fileID: 0}
  m_NavMeshLayer: 0
  m_StaticEditorFlags: 0
  m_IsActive: 1
--- !u!4 &7565220675104104599
Transform:
  m_ObjectHideFlags: 0
  m_CorrespondingSourceObject: {fileID: 0}
  m_PrefabInstance: {fileID: 0}
  m_PrefabAsset: {fileID: 0}
  m_GameObject: {fileID: 2945997106221549263}
  m_LocalRotation: {x: 0, y: 0, z: 0, w: 1}
  m_LocalPosition: {x: 0, y: 0, z: 0}
  m_LocalScale: {x: 1, y: 1, z: 1}
  m_Children: []
  m_Father: {fileID: 6363999078818221728}
  m_RootOrder: 0
  m_LocalEulerAnglesHint: {x: 0, y: 0, z: 0}
--- !u!54 &6667893516649190396
Rigidbody:
  m_ObjectHideFlags: 0
  m_CorrespondingSourceObject: {fileID: 0}
  m_PrefabInstance: {fileID: 0}
  m_PrefabAsset: {fileID: 0}
  m_GameObject: {fileID: 4226044174343993798}
  serializedVersion: 2
  m_Mass: 1
  m_Drag: 0
  m_AngularDrag: 0.05
  m_UseGravity: 0
  m_IsKinematic: 0
  m_Interpolate: 2
  m_Constraints: 0
  m_CollisionDetection: 0
--- !u!1 &5901886943539742890
GameObject:
  m_ObjectHideFlags: 0
  m_CorrespondingSourceObject: {fileID: 0}
  m_PrefabInstance: {fileID: 0}
  m_PrefabAsset: {fileID: 0}
  serializedVersion: 6
  m_Component:
  - component: {fileID: 6363999078818221728}
  - component: {fileID: 4381898577617380552}
  m_Layer: 0
  m_Name: Trail
  m_TagString: Untagged
  m_Icon: {fileID: 0}
  m_NavMeshLayer: 0
  m_StaticEditorFlags: 4294967295
  m_IsActive: 1
--- !u!4 &6363999078818221728
Transform:
  m_ObjectHideFlags: 0
  m_CorrespondingSourceObject: {fileID: 0}
  m_PrefabInstance: {fileID: 0}
  m_PrefabAsset: {fileID: 0}
  m_GameObject: {fileID: 5901886943539742890}
  m_LocalRotation: {x: -0, y: -0, z: -0, w: 1}
  m_LocalPosition: {x: 0.0005222559, y: -0.42929935, z: -3.9220877}
  m_LocalScale: {x: 1, y: 1, z: 1}
  m_Children:
  - {fileID: 7565220675104104599}
  m_Father: {fileID: 841839370076436577}
  m_RootOrder: 0
  m_LocalEulerAnglesHint: {x: 0, y: 0, z: 0}
--- !u!96 &4381898577617380552
TrailRenderer:
  serializedVersion: 2
  m_ObjectHideFlags: 0
  m_CorrespondingSourceObject: {fileID: 0}
  m_PrefabInstance: {fileID: 0}
  m_PrefabAsset: {fileID: 0}
  m_GameObject: {fileID: 5901886943539742890}
  m_Enabled: 1
  m_CastShadows: 2
  m_ReceiveShadows: 1
  m_DynamicOccludee: 0
  m_MotionVectors: 0
  m_LightProbeUsage: 0
  m_ReflectionProbeUsage: 0
  m_RayTracingMode: 0
  m_RenderingLayerMask: 1
  m_RendererPriority: 0
  m_Materials:
  - {fileID: 2100000, guid: c25c1f5dca36fdb448f55cbc6e0b67cc, type: 2}
  m_StaticBatchInfo:
    firstSubMesh: 0
    subMeshCount: 0
  m_StaticBatchRoot: {fileID: 0}
  m_ProbeAnchor: {fileID: 0}
  m_LightProbeVolumeOverride: {fileID: 0}
  m_ScaleInLightmap: 1
  m_ReceiveGI: 1
  m_PreserveUVs: 0
  m_IgnoreNormalsForChartDetection: 0
  m_ImportantGI: 0
  m_StitchLightmapSeams: 1
  m_SelectedEditorRenderState: 3
  m_MinimumChartSize: 4
  m_AutoUVMaxDistance: 0.5
  m_AutoUVMaxAngle: 89
  m_LightmapParameters: {fileID: 0}
  m_SortingLayerID: 0
  m_SortingLayer: 0
  m_SortingOrder: 0
  m_Time: 5
  m_Parameters:
    serializedVersion: 3
    widthMultiplier: 1
    widthCurve:
      serializedVersion: 2
      m_Curve:
      - serializedVersion: 3
        time: 0
        value: 0.28681564
        inSlope: 0
        outSlope: 0
        tangentMode: 0
        weightedMode: 0
        inWeight: 0.33333334
        outWeight: 0.33333334
      m_PreInfinity: 2
      m_PostInfinity: 2
      m_RotationOrder: 4
    colorGradient:
      serializedVersion: 2
      key0: {r: 1, g: 1, b: 1, a: 1}
      key1: {r: 1, g: 1, b: 1, a: 1}
      key2: {r: 0, g: 0, b: 0, a: 0}
      key3: {r: 0, g: 0, b: 0, a: 0}
      key4: {r: 0, g: 0, b: 0, a: 0}
      key5: {r: 0, g: 0, b: 0, a: 0}
      key6: {r: 0, g: 0, b: 0, a: 0}
      key7: {r: 0, g: 0, b: 0, a: 0}
      ctime0: 0
      ctime1: 65535
      ctime2: 0
      ctime3: 0
      ctime4: 0
      ctime5: 0
      ctime6: 0
      ctime7: 0
      atime0: 0
      atime1: 65535
      atime2: 0
      atime3: 0
      atime4: 0
      atime5: 0
      atime6: 0
      atime7: 0
      m_Mode: 0
      m_NumColorKeys: 2
      m_NumAlphaKeys: 2
    numCornerVertices: 0
    numCapVertices: 0
    alignment: 0
    textureMode: 0
    shadowBias: 0.5
    generateLightingData: 0
  m_MinVertexDistance: 0.1
  m_Autodestruct: 0
  m_Emitting: 1
--- !u!1 &6674913217316880898
GameObject:
  m_ObjectHideFlags: 0
  m_CorrespondingSourceObject: {fileID: 0}
  m_PrefabInstance: {fileID: 0}
  m_PrefabAsset: {fileID: 0}
  serializedVersion: 6
  m_Component:
  - component: {fileID: 6674913217316880899}
  - component: {fileID: 6674913217316880897}
  - component: {fileID: 6674913217316880896}
  m_Layer: 0
  m_Name: cm
  m_TagString: Untagged
  m_Icon: {fileID: 0}
  m_NavMeshLayer: 0
  m_StaticEditorFlags: 0
  m_IsActive: 1
--- !u!4 &6674913217316880899
Transform:
  m_ObjectHideFlags: 0
  m_CorrespondingSourceObject: {fileID: 0}
  m_PrefabInstance: {fileID: 0}
  m_PrefabAsset: {fileID: 0}
  m_GameObject: {fileID: 6674913217316880898}
  m_LocalRotation: {x: -0, y: -0, z: -0, w: 1}
  m_LocalPosition: {x: 0, y: -3, z: 0}
  m_LocalScale: {x: 1, y: 1, z: 1}
  m_Children: []
  m_Father: {fileID: 6674913217558006963}
  m_RootOrder: 0
  m_LocalEulerAnglesHint: {x: 0, y: 0, z: 0}
--- !u!114 &6674913217316880897
MonoBehaviour:
  m_ObjectHideFlags: 0
  m_CorrespondingSourceObject: {fileID: 0}
  m_PrefabInstance: {fileID: 0}
  m_PrefabAsset: {fileID: 0}
  m_GameObject: {fileID: 6674913217316880898}
  m_Enabled: 1
  m_EditorHideFlags: 0
  m_Script: {fileID: 11500000, guid: ac0b09e7857660247b1477e93731de29, type: 3}
  m_Name: 
  m_EditorClassIdentifier: 
--- !u!114 &6674913217316880896
MonoBehaviour:
  m_ObjectHideFlags: 0
  m_CorrespondingSourceObject: {fileID: 0}
  m_PrefabInstance: {fileID: 0}
  m_PrefabAsset: {fileID: 0}
  m_GameObject: {fileID: 6674913217316880898}
  m_Enabled: 1
  m_EditorHideFlags: 0
  m_Script: {fileID: 11500000, guid: fa7155796051b734daa718462081dc5f, type: 3}
  m_Name: 
  m_EditorClassIdentifier: 
  m_BindingMode: 3
  m_FollowOffset: {x: 0, y: 2.46, z: -10}
  m_XDamping: 1
  m_YDamping: 1
  m_ZDamping: 1
  m_AngularDampingMode: 1
  m_PitchDamping: 0
  m_YawDamping: 0
  m_RollDamping: 0
  m_AngularDamping: 0
--- !u!1 &6674913217558006962
GameObject:
  m_ObjectHideFlags: 0
  m_CorrespondingSourceObject: {fileID: 0}
  m_PrefabInstance: {fileID: 0}
  m_PrefabAsset: {fileID: 0}
  serializedVersion: 6
  m_Component:
  - component: {fileID: 6674913217558006963}
  - component: {fileID: 6674913217558006961}
  - component: {fileID: 6674913217558006960}
  m_Layer: 0
  m_Name: CM vcam1
  m_TagString: Untagged
  m_Icon: {fileID: 0}
  m_NavMeshLayer: 0
  m_StaticEditorFlags: 0
  m_IsActive: 1
--- !u!4 &6674913217558006963
Transform:
  m_ObjectHideFlags: 0
  m_CorrespondingSourceObject: {fileID: 0}
  m_PrefabInstance: {fileID: 0}
  m_PrefabAsset: {fileID: 0}
  m_GameObject: {fileID: 6674913217558006962}
  m_LocalRotation: {x: -7.5730647e-29, y: -0, z: -1.0539278e-22, w: 1}
  m_LocalPosition: {x: -0.0000038146973, y: 2.46, z: -9.999998}
  m_LocalScale: {x: 1, y: 1, z: 1}
  m_Children:
  - {fileID: 6674913217316880899}
  m_Father: {fileID: 841839370076436577}
  m_RootOrder: 2
  m_LocalEulerAnglesHint: {x: 0, y: 0, z: 0}
--- !u!114 &6674913217558006961
MonoBehaviour:
  m_ObjectHideFlags: 0
  m_CorrespondingSourceObject: {fileID: 0}
  m_PrefabInstance: {fileID: 0}
  m_PrefabAsset: {fileID: 0}
  m_GameObject: {fileID: 6674913217558006962}
  m_Enabled: 1
  m_EditorHideFlags: 0
  m_Script: {fileID: 11500000, guid: 45e653bab7fb20e499bda25e1b646fea, type: 3}
  m_Name: 
  m_EditorClassIdentifier: 
  m_ExcludedPropertiesInInspector:
  - m_Script
  m_LockStageInInspector: 
  m_StreamingVersion: 20170927
  m_Priority: 10
  m_StandbyUpdate: 2
  m_LookAt: {fileID: 841839370076436577}
  m_Follow: {fileID: 841839370076436577}
  m_Lens:
    FieldOfView: 40
    OrthographicSize: 10
    NearClipPlane: 0.1
    FarClipPlane: 5000
    Dutch: 0
    LensShift: {x: 0, y: 0}
  m_Transitions:
    m_BlendHint: 0
    m_InheritPosition: 0
    m_OnCameraLive:
      m_PersistentCalls:
        m_Calls: []
  m_LegacyBlendHint: 0
  m_ComponentOwner: {fileID: 6674913217316880899}
--- !u!114 &6674913217558006960
MonoBehaviour:
  m_ObjectHideFlags: 0
  m_CorrespondingSourceObject: {fileID: 0}
  m_PrefabInstance: {fileID: 0}
  m_PrefabAsset: {fileID: 0}
  m_GameObject: {fileID: 6674913217558006962}
  m_Enabled: 1
  m_EditorHideFlags: 0
  m_Script: {fileID: 11500000, guid: e501d18bb52cf8c40b1853ca4904654f, type: 3}
  m_Name: 
  m_EditorClassIdentifier: 
  m_CollideAgainst:
    serializedVersion: 2
    m_Bits: 256
  m_IgnoreTag: Player
  m_TransparentLayers:
    serializedVersion: 2
    m_Bits: 0
  m_MinimumDistanceFromTarget: 0.1
  m_AvoidObstacles: 1
  m_DistanceLimit: 0
  m_MinimumOcclusionTime: 0
  m_CameraRadius: 0.1
  m_Strategy: 1
  m_MaximumEffort: 4
  m_SmoothingTime: 0
  m_Damping: 0
  m_DampingWhenOccluded: 0
  m_OptimalTargetDistance: 0
--- !u!1 &6674913217761579739
GameObject:
  m_ObjectHideFlags: 0
  m_CorrespondingSourceObject: {fileID: 0}
  m_PrefabInstance: {fileID: 0}
  m_PrefabAsset: {fileID: 0}
  serializedVersion: 6
  m_Component:
  - component: {fileID: 6674913217761579743}
  - component: {fileID: 6674913217761579742}
  - component: {fileID: 6674913217761579737}
  - component: {fileID: 6674913217761579736}
  - component: {fileID: 8146704143060906440}
  m_Layer: 0
  m_Name: Camera
  m_TagString: Untagged
  m_Icon: {fileID: 0}
  m_NavMeshLayer: 0
  m_StaticEditorFlags: 0
  m_IsActive: 1
--- !u!4 &6674913217761579743
Transform:
  m_ObjectHideFlags: 0
  m_CorrespondingSourceObject: {fileID: 0}
  m_PrefabInstance: {fileID: 0}
  m_PrefabAsset: {fileID: 0}
  m_GameObject: {fileID: 6674913217761579739}
  m_LocalRotation: {x: -7.5730647e-29, y: -0, z: -1.0539278e-22, w: 1}
  m_LocalPosition: {x: 93.52278, y: 2.46, z: 70.82392}
  m_LocalScale: {x: 1, y: 1, z: 1}
  m_Children: []
  m_Father: {fileID: 841839370076436577}
  m_RootOrder: 3
  m_LocalEulerAnglesHint: {x: 0, y: 0, z: 0}
--- !u!20 &6674913217761579742
Camera:
  m_ObjectHideFlags: 0
  m_CorrespondingSourceObject: {fileID: 0}
  m_PrefabInstance: {fileID: 0}
  m_PrefabAsset: {fileID: 0}
  m_GameObject: {fileID: 6674913217761579739}
  m_Enabled: 1
  serializedVersion: 2
  m_ClearFlags: 2
  m_BackGroundColor: {r: 0.11320752, g: 0.11320752, b: 0.11320752, a: 0}
  m_projectionMatrixMode: 1
  m_GateFitMode: 2
  m_FOVAxisMode: 0
  m_SensorSize: {x: 36, y: 24}
  m_LensShift: {x: 0, y: 0}
  m_FocalLength: 50
  m_NormalizedViewPortRect:
    serializedVersion: 2
    x: 0
    y: 0
    width: 1
    height: 1
  near clip plane: 0.1
  far clip plane: 5000
  field of view: 40
  orthographic: 0
  orthographic size: 5
  m_Depth: 0
  m_CullingMask:
    serializedVersion: 2
    m_Bits: 4294967295
  m_RenderingPath: -1
  m_TargetTexture: {fileID: 0}
  m_TargetDisplay: 0
  m_TargetEye: 3
  m_HDR: 1
  m_AllowMSAA: 1
  m_AllowDynamicResolution: 0
  m_ForceIntoRT: 0
  m_OcclusionCulling: 1
  m_StereoConvergence: 10
  m_StereoSeparation: 0.022
--- !u!81 &6674913217761579737
AudioListener:
  m_ObjectHideFlags: 0
  m_CorrespondingSourceObject: {fileID: 0}
  m_PrefabInstance: {fileID: 0}
  m_PrefabAsset: {fileID: 0}
  m_GameObject: {fileID: 6674913217761579739}
  m_Enabled: 1
--- !u!114 &6674913217761579736
MonoBehaviour:
  m_ObjectHideFlags: 0
  m_CorrespondingSourceObject: {fileID: 0}
  m_PrefabInstance: {fileID: 0}
  m_PrefabAsset: {fileID: 0}
  m_GameObject: {fileID: 6674913217761579739}
  m_Enabled: 1
  m_EditorHideFlags: 0
  m_Script: {fileID: 11500000, guid: 72ece51f2901e7445ab60da3685d6b5f, type: 3}
  m_Name: 
  m_EditorClassIdentifier: 
  m_ShowDebugText: 0
  m_ShowCameraFrustum: 1
  m_IgnoreTimeScale: 0
  m_WorldUpOverride: {fileID: 0}
  m_UpdateMethod: 2
  m_DefaultBlend:
    m_Style: 1
    m_Time: 2
    m_CustomCurve:
      serializedVersion: 2
      m_Curve: []
      m_PreInfinity: 2
      m_PostInfinity: 2
      m_RotationOrder: 4
  m_CustomBlends: {fileID: 0}
  m_CameraCutEvent:
    m_PersistentCalls:
      m_Calls: []
  m_CameraActivatedEvent:
    m_PersistentCalls:
      m_Calls: []
--- !u!114 &8146704143060906440
MonoBehaviour:
  m_ObjectHideFlags: 0
  m_CorrespondingSourceObject: {fileID: 0}
  m_PrefabInstance: {fileID: 0}
  m_PrefabAsset: {fileID: 0}
  m_GameObject: {fileID: 6674913217761579739}
  m_Enabled: 1
  m_EditorHideFlags: 0
  m_Script: {fileID: 11500000, guid: a79441f348de89743a2939f4d699eac1, type: 3}
  m_Name: 
  m_EditorClassIdentifier: 
  m_RenderShadows: 1
  m_RequiresDepthTextureOption: 2
  m_RequiresOpaqueTextureOption: 2
  m_CameraType: 0
  m_Cameras: []
  m_RendererIndex: 0
  m_VolumeLayerMask:
    serializedVersion: 2
    m_Bits: 1
  m_VolumeTrigger: {fileID: 0}
  m_RenderPostProcessing: 1
  m_Antialiasing: 1
  m_AntialiasingQuality: 1
  m_StopNaN: 0
  m_Dithering: 0
  m_ClearDepth: 1
  m_RequiresDepthTexture: 0
  m_RequiresColorTexture: 0
  m_Version: 2
--- !u!1 &8956771932150653305
GameObject:
  m_ObjectHideFlags: 0
  m_CorrespondingSourceObject: {fileID: 0}
  m_PrefabInstance: {fileID: 0}
  m_PrefabAsset: {fileID: 0}
  serializedVersion: 6
  m_Component:
  - component: {fileID: 5052588800159580690}
  m_Layer: 0
  m_Name: GroundCheck
  m_TagString: Untagged
  m_Icon: {fileID: 0}
  m_NavMeshLayer: 0
  m_StaticEditorFlags: 0
  m_IsActive: 1
--- !u!4 &5052588800159580690
Transform:
  m_ObjectHideFlags: 0
  m_CorrespondingSourceObject: {fileID: 0}
  m_PrefabInstance: {fileID: 0}
  m_PrefabAsset: {fileID: 0}
  m_GameObject: {fileID: 8956771932150653305}
  m_LocalRotation: {x: 0, y: 0, z: 0, w: 1}
  m_LocalPosition: {x: 0, y: -1.02, z: 0}
  m_LocalScale: {x: 1, y: 1, z: 1}
  m_Children: []
  m_Father: {fileID: 841839370076436577}
  m_RootOrder: 4
  m_LocalEulerAnglesHint: {x: 0, y: 0, z: 0}
--- !u!1001 &3919403917551387799
PrefabInstance:
  m_ObjectHideFlags: 0
  serializedVersion: 2
  m_Modification:
    m_TransformParent: {fileID: 841839370076436577}
    m_Modifications:
    - target: {fileID: -8679921383154817045, guid: 2aa3bb154c5350c48807f341e2c70e1f,
        type: 3}
      propertyPath: m_LocalPosition.x
      value: 0.15
      objectReference: {fileID: 0}
    - target: {fileID: -8679921383154817045, guid: 2aa3bb154c5350c48807f341e2c70e1f,
        type: 3}
      propertyPath: m_LocalPosition.y
      value: -1.047
      objectReference: {fileID: 0}
    - target: {fileID: -8679921383154817045, guid: 2aa3bb154c5350c48807f341e2c70e1f,
        type: 3}
      propertyPath: m_LocalPosition.z
      value: -1.68
      objectReference: {fileID: 0}
    - target: {fileID: -8679921383154817045, guid: 2aa3bb154c5350c48807f341e2c70e1f,
        type: 3}
      propertyPath: m_LocalRotation.x
      value: 0
      objectReference: {fileID: 0}
    - target: {fileID: -8679921383154817045, guid: 2aa3bb154c5350c48807f341e2c70e1f,
        type: 3}
      propertyPath: m_LocalRotation.y
      value: 0
      objectReference: {fileID: 0}
    - target: {fileID: -8679921383154817045, guid: 2aa3bb154c5350c48807f341e2c70e1f,
        type: 3}
      propertyPath: m_LocalRotation.z
      value: 0
      objectReference: {fileID: 0}
    - target: {fileID: -8679921383154817045, guid: 2aa3bb154c5350c48807f341e2c70e1f,
        type: 3}
      propertyPath: m_LocalRotation.w
      value: 1
      objectReference: {fileID: 0}
    - target: {fileID: -8679921383154817045, guid: 2aa3bb154c5350c48807f341e2c70e1f,
        type: 3}
      propertyPath: m_RootOrder
      value: 1
      objectReference: {fileID: 0}
    - target: {fileID: -8679921383154817045, guid: 2aa3bb154c5350c48807f341e2c70e1f,
        type: 3}
      propertyPath: m_LocalEulerAnglesHint.x
      value: 0
      objectReference: {fileID: 0}
    - target: {fileID: -8679921383154817045, guid: 2aa3bb154c5350c48807f341e2c70e1f,
        type: 3}
      propertyPath: m_LocalEulerAnglesHint.y
      value: 0
      objectReference: {fileID: 0}
    - target: {fileID: -8679921383154817045, guid: 2aa3bb154c5350c48807f341e2c70e1f,
        type: 3}
      propertyPath: m_LocalEulerAnglesHint.z
      value: 0
      objectReference: {fileID: 0}
    - target: {fileID: -8679921383154817045, guid: 2aa3bb154c5350c48807f341e2c70e1f,
        type: 3}
      propertyPath: m_LocalScale.x
      value: 1.8008764
      objectReference: {fileID: 0}
    - target: {fileID: -8679921383154817045, guid: 2aa3bb154c5350c48807f341e2c70e1f,
        type: 3}
      propertyPath: m_LocalScale.y
      value: 1.8008764
      objectReference: {fileID: 0}
    - target: {fileID: -8679921383154817045, guid: 2aa3bb154c5350c48807f341e2c70e1f,
        type: 3}
      propertyPath: m_LocalScale.z
      value: 1.8008764
      objectReference: {fileID: 0}
    - target: {fileID: -2382886715017551265, guid: 2aa3bb154c5350c48807f341e2c70e1f,
        type: 3}
      propertyPath: m_LocalPosition.x
      value: -0.533
      objectReference: {fileID: 0}
    - target: {fileID: -2382886715017551265, guid: 2aa3bb154c5350c48807f341e2c70e1f,
        type: 3}
      propertyPath: m_LocalPosition.y
      value: 0.523
      objectReference: {fileID: 0}
    - target: {fileID: -2382886715017551265, guid: 2aa3bb154c5350c48807f341e2c70e1f,
        type: 3}
      propertyPath: m_LocalPosition.z
      value: 0.34
      objectReference: {fileID: 0}
    - target: {fileID: -2382886715017551265, guid: 2aa3bb154c5350c48807f341e2c70e1f,
        type: 3}
      propertyPath: m_LocalScale.x
      value: 2.6236336
      objectReference: {fileID: 0}
    - target: {fileID: -2382886715017551265, guid: 2aa3bb154c5350c48807f341e2c70e1f,
        type: 3}
      propertyPath: m_LocalScale.z
      value: 2.5212734
      objectReference: {fileID: 0}
    - target: {fileID: 919132149155446097, guid: 2aa3bb154c5350c48807f341e2c70e1f,
        type: 3}
      propertyPath: m_Name
      value: TRON_Bike
      objectReference: {fileID: 0}
    - target: {fileID: 5215737865327535200, guid: 2aa3bb154c5350c48807f341e2c70e1f,
        type: 3}
      propertyPath: m_Materials.Array.data[0]
      value: 
      objectReference: {fileID: 2100000, guid: a3dbaaa2d5b1e9946a427dd33efd6b63, type: 2}
    - target: {fileID: 5215737865327535200, guid: 2aa3bb154c5350c48807f341e2c70e1f,
        type: 3}
      propertyPath: m_Materials.Array.data[1]
      value: 
      objectReference: {fileID: 8486936951020155453, guid: 2aa3bb154c5350c48807f341e2c70e1f,
        type: 3}
    - target: {fileID: 6792307822940731157, guid: 2aa3bb154c5350c48807f341e2c70e1f,
        type: 3}
      propertyPath: m_Materials.Array.data[1]
      value: 
      objectReference: {fileID: 2100000, guid: a3dbaaa2d5b1e9946a427dd33efd6b63, type: 2}
    - target: {fileID: 8351748311378833986, guid: 2aa3bb154c5350c48807f341e2c70e1f,
        type: 3}
      propertyPath: m_Materials.Array.data[0]
      value: 
      objectReference: {fileID: 2100000, guid: a04b9a938d40c4b49a06ac646fc785ad, type: 2}
    - target: {fileID: 8424073627695423409, guid: 2aa3bb154c5350c48807f341e2c70e1f,
        type: 3}
      propertyPath: m_Materials.Array.data[0]
      value: 
      objectReference: {fileID: 2100000, guid: a3dbaaa2d5b1e9946a427dd33efd6b63, type: 2}
    m_RemovedComponents: []
  m_SourcePrefab: {fileID: 100100000, guid: 2aa3bb154c5350c48807f341e2c70e1f, type: 3}
--- !u!4 &3597879559528227708 stripped
Transform:
  m_CorrespondingSourceObject: {fileID: -8679921383154817045, guid: 2aa3bb154c5350c48807f341e2c70e1f,
    type: 3}
  m_PrefabInstance: {fileID: 3919403917551387799}
  m_PrefabAsset: {fileID: 0}
--- !u!1 &4226044174343993798 stripped
GameObject:
  m_CorrespondingSourceObject: {fileID: 919132149155446097, guid: 2aa3bb154c5350c48807f341e2c70e1f,
    type: 3}
  m_PrefabInstance: {fileID: 3919403917551387799}
  m_PrefabAsset: {fileID: 0}
--- !u!1001 &5578417043848227498
PrefabInstance:
  m_ObjectHideFlags: 0
  serializedVersion: 2
  m_Modification:
    m_TransformParent: {fileID: 841839370076436577}
    m_Modifications:
    - target: {fileID: 4913340726797745687, guid: 0ba36791b1a84dd4e91dee274ff06b9d,
        type: 3}
      propertyPath: m_Name
      value: MiniMapIcon
      objectReference: {fileID: 0}
    - target: {fileID: 4913340726797745688, guid: 0ba36791b1a84dd4e91dee274ff06b9d,
        type: 3}
      propertyPath: m_LocalPosition.x
      value: 0
      objectReference: {fileID: 0}
    - target: {fileID: 4913340726797745688, guid: 0ba36791b1a84dd4e91dee274ff06b9d,
        type: 3}
      propertyPath: m_LocalPosition.y
      value: 10
      objectReference: {fileID: 0}
    - target: {fileID: 4913340726797745688, guid: 0ba36791b1a84dd4e91dee274ff06b9d,
        type: 3}
      propertyPath: m_LocalPosition.z
      value: 0
      objectReference: {fileID: 0}
    - target: {fileID: 4913340726797745688, guid: 0ba36791b1a84dd4e91dee274ff06b9d,
        type: 3}
      propertyPath: m_LocalRotation.x
      value: 0.7071068
      objectReference: {fileID: 0}
    - target: {fileID: 4913340726797745688, guid: 0ba36791b1a84dd4e91dee274ff06b9d,
        type: 3}
      propertyPath: m_LocalRotation.y
      value: 0
      objectReference: {fileID: 0}
    - target: {fileID: 4913340726797745688, guid: 0ba36791b1a84dd4e91dee274ff06b9d,
        type: 3}
      propertyPath: m_LocalRotation.z
      value: 0
      objectReference: {fileID: 0}
    - target: {fileID: 4913340726797745688, guid: 0ba36791b1a84dd4e91dee274ff06b9d,
        type: 3}
      propertyPath: m_LocalRotation.w
      value: 0.7071068
      objectReference: {fileID: 0}
    - target: {fileID: 4913340726797745688, guid: 0ba36791b1a84dd4e91dee274ff06b9d,
        type: 3}
      propertyPath: m_RootOrder
      value: 5
      objectReference: {fileID: 0}
    - target: {fileID: 4913340726797745688, guid: 0ba36791b1a84dd4e91dee274ff06b9d,
        type: 3}
      propertyPath: m_LocalEulerAnglesHint.x
      value: 90
      objectReference: {fileID: 0}
    - target: {fileID: 4913340726797745688, guid: 0ba36791b1a84dd4e91dee274ff06b9d,
        type: 3}
      propertyPath: m_LocalEulerAnglesHint.y
      value: 0
      objectReference: {fileID: 0}
    - target: {fileID: 4913340726797745688, guid: 0ba36791b1a84dd4e91dee274ff06b9d,
        type: 3}
      propertyPath: m_LocalEulerAnglesHint.z
      value: 0
      objectReference: {fileID: 0}
    m_RemovedComponents: []
  m_SourcePrefab: {fileID: 100100000, guid: 0ba36791b1a84dd4e91dee274ff06b9d, type: 3}
--- !u!4 &667999377577727154 stripped
Transform:
  m_CorrespondingSourceObject: {fileID: 4913340726797745688, guid: 0ba36791b1a84dd4e91dee274ff06b9d,
    type: 3}
  m_PrefabInstance: {fileID: 5578417043848227498}
  m_PrefabAsset: {fileID: 0}
