%YAML 1.1
%TAG !u! tag:unity3d.com,2011:
--- !u!1 &2279426720646930366
GameObject:
  m_ObjectHideFlags: 0
  m_CorrespondingSourceObject: {fileID: 6904044613613936772, guid: 2c202da1ddadd894fb213545752cf1bd,
    type: 3}
  m_PrefabInstance: {fileID: 2602405414253048588}
  m_PrefabAsset: {fileID: 0}
  serializedVersion: 6
  m_Component:
  - component: {fileID: 8920942638777193355}
  - component: {fileID: 3475494233984188912}
  - component: {fileID: 978214677640409970}
  m_Layer: 5
  m_Name: MiniMap
  m_TagString: Untagged
  m_Icon: {fileID: 0}
  m_NavMeshLayer: 0
  m_StaticEditorFlags: 0
  m_IsActive: 1
--- !u!224 &8920942638777193355
RectTransform:
  m_ObjectHideFlags: 0
  m_CorrespondingSourceObject: {fileID: 6904044613613936775, guid: 2c202da1ddadd894fb213545752cf1bd,
    type: 3}
  m_PrefabInstance: {fileID: 2602405414253048588}
  m_PrefabAsset: {fileID: 0}
  m_GameObject: {fileID: 2279426720646930366}
  m_LocalRotation: {x: -0, y: -0, z: -0, w: 1}
  m_LocalPosition: {x: 0, y: 0, z: 0}
  m_LocalScale: {x: 1, y: 1, z: 1}
  m_Children:
  - {fileID: 2859221963061544798}
  m_Father: {fileID: 8920942639987884599}
  m_RootOrder: 0
  m_LocalEulerAnglesHint: {x: 0, y: 0, z: 0}
  m_AnchorMin: {x: 1, y: 0}
  m_AnchorMax: {x: 1, y: 0}
  m_AnchoredPosition: {x: -105, y: 105}
  m_SizeDelta: {x: 160, y: 160}
  m_Pivot: {x: 0.5, y: 0.5}
--- !u!222 &3475494233984188912
CanvasRenderer:
  m_ObjectHideFlags: 0
  m_CorrespondingSourceObject: {fileID: 6904044613613936769, guid: 2c202da1ddadd894fb213545752cf1bd,
    type: 3}
  m_PrefabInstance: {fileID: 2602405414253048588}
  m_PrefabAsset: {fileID: 0}
  m_GameObject: {fileID: 2279426720646930366}
  m_CullTransparentMesh: 0
--- !u!114 &978214677640409970
MonoBehaviour:
  m_ObjectHideFlags: 0
  m_CorrespondingSourceObject: {fileID: 6904044613613936774, guid: 2c202da1ddadd894fb213545752cf1bd,
    type: 3}
  m_PrefabInstance: {fileID: 2602405414253048588}
  m_PrefabAsset: {fileID: 0}
  m_GameObject: {fileID: 2279426720646930366}
  m_Enabled: 1
  m_EditorHideFlags: 0
  m_Script: {fileID: 11500000, guid: fe87c0e1cc204ed48ad3b37840f39efc, type: 3}
  m_Name: 
  m_EditorClassIdentifier: 
  m_Material: {fileID: 0}
  m_Color: {r: 0.0013349979, g: 0.17365918, b: 0.2830189, a: 1}
  m_RaycastTarget: 1
  m_Maskable: 1
  m_OnCullStateChanged:
    m_PersistentCalls:
      m_Calls: []
  m_Sprite: {fileID: 0}
  m_Type: 0
  m_PreserveAspect: 0
  m_FillCenter: 1
  m_FillMethod: 4
  m_FillAmount: 1
  m_FillClockwise: 1
  m_FillOrigin: 0
  m_UseSpriteMesh: 0
  m_PixelsPerUnitMultiplier: 1
--- !u!1 &7888305333718825974
GameObject:
  m_ObjectHideFlags: 0
  m_CorrespondingSourceObject: {fileID: 6904044613812062826, guid: 2c202da1ddadd894fb213545752cf1bd,
    type: 3}
  m_PrefabInstance: {fileID: 2602405414253048588}
  m_PrefabAsset: {fileID: 0}
  serializedVersion: 6
  m_Component:
  - component: {fileID: 2859221963061544798}
  - component: {fileID: 2885262947038130977}
  - component: {fileID: 6436077134704565198}
  m_Layer: 5
  m_Name: RawImage
  m_TagString: Untagged
  m_Icon: {fileID: 0}
  m_NavMeshLayer: 0
  m_StaticEditorFlags: 0
  m_IsActive: 1
--- !u!224 &2859221963061544798
RectTransform:
  m_ObjectHideFlags: 0
  m_CorrespondingSourceObject: {fileID: 6904044613812062821, guid: 2c202da1ddadd894fb213545752cf1bd,
    type: 3}
  m_PrefabInstance: {fileID: 2602405414253048588}
  m_PrefabAsset: {fileID: 0}
  m_GameObject: {fileID: 7888305333718825974}
  m_LocalRotation: {x: -0, y: -0, z: -0, w: 1}
  m_LocalPosition: {x: 0, y: 0, z: 0}
  m_LocalScale: {x: 1, y: 1, z: 1}
  m_Children: []
  m_Father: {fileID: 8920942638777193355}
  m_RootOrder: 0
  m_LocalEulerAnglesHint: {x: 0, y: 0, z: 0}
  m_AnchorMin: {x: 0.5, y: 0.5}
  m_AnchorMax: {x: 0.5, y: 0.5}
  m_AnchoredPosition: {x: 0, y: 0}
  m_SizeDelta: {x: 150, y: 150}
  m_Pivot: {x: 0.5, y: 0.5}
--- !u!222 &2885262947038130977
CanvasRenderer:
  m_ObjectHideFlags: 0
  m_CorrespondingSourceObject: {fileID: 6904044613812062823, guid: 2c202da1ddadd894fb213545752cf1bd,
    type: 3}
  m_PrefabInstance: {fileID: 2602405414253048588}
  m_PrefabAsset: {fileID: 0}
  m_GameObject: {fileID: 7888305333718825974}
  m_CullTransparentMesh: 0
--- !u!114 &6436077134704565198
MonoBehaviour:
  m_ObjectHideFlags: 0
  m_CorrespondingSourceObject: {fileID: 6904044613812062820, guid: 2c202da1ddadd894fb213545752cf1bd,
    type: 3}
  m_PrefabInstance: {fileID: 2602405414253048588}
  m_PrefabAsset: {fileID: 0}
  m_GameObject: {fileID: 7888305333718825974}
  m_Enabled: 1
  m_EditorHideFlags: 0
  m_Script: {fileID: 11500000, guid: 1344c3c82d62a2a41a3576d8abb8e3ea, type: 3}
  m_Name: 
  m_EditorClassIdentifier: 
  m_Material: {fileID: 0}
  m_Color: {r: 1, g: 1, b: 1, a: 1}
  m_RaycastTarget: 1
  m_Maskable: 1
  m_OnCullStateChanged:
    m_PersistentCalls:
      m_Calls: []
  m_Texture: {fileID: 8400000, guid: e9cfe696e8e5ff6418f548703b06340c, type: 2}
  m_UVRect:
    serializedVersion: 2
    x: 0
    y: 0
    width: 1
    height: 1
--- !u!1 &8920942639987884595
GameObject:
  m_ObjectHideFlags: 0
  m_CorrespondingSourceObject: {fileID: 0}
  m_PrefabInstance: {fileID: 0}
  m_PrefabAsset: {fileID: 0}
  serializedVersion: 6
  m_Component:
  - component: {fileID: 8920942639987884599}
  - component: {fileID: 8920942639987884596}
  - component: {fileID: 8920942639987884597}
  - component: {fileID: 8920942639987884594}
  m_Layer: 5
  m_Name: Canvas
  m_TagString: Untagged
  m_Icon: {fileID: 0}
  m_NavMeshLayer: 0
  m_StaticEditorFlags: 0
  m_IsActive: 1
--- !u!224 &8920942639987884599
RectTransform:
  m_ObjectHideFlags: 0
  m_CorrespondingSourceObject: {fileID: 0}
  m_PrefabInstance: {fileID: 0}
  m_PrefabAsset: {fileID: 0}
  m_GameObject: {fileID: 8920942639987884595}
  m_LocalRotation: {x: 0, y: 0, z: 0, w: 1}
  m_LocalPosition: {x: 0, y: 0, z: 0}
  m_LocalScale: {x: 0, y: 0, z: 0}
  m_Children:
  - {fileID: 8920942638777193355}
  m_Father: {fileID: 0}
  m_RootOrder: 0
  m_LocalEulerAnglesHint: {x: 0, y: 0, z: 0}
  m_AnchorMin: {x: 0, y: 0}
  m_AnchorMax: {x: 0, y: 0}
  m_AnchoredPosition: {x: 0, y: 0}
  m_SizeDelta: {x: 0, y: 0}
  m_Pivot: {x: 0, y: 0}
--- !u!223 &8920942639987884596
Canvas:
  m_ObjectHideFlags: 0
  m_CorrespondingSourceObject: {fileID: 0}
  m_PrefabInstance: {fileID: 0}
  m_PrefabAsset: {fileID: 0}
  m_GameObject: {fileID: 8920942639987884595}
  m_Enabled: 1
  serializedVersion: 3
  m_RenderMode: 0
  m_Camera: {fileID: 0}
  m_PlaneDistance: 100
  m_PixelPerfect: 0
  m_ReceivesEvents: 1
  m_OverrideSorting: 0
  m_OverridePixelPerfect: 0
  m_SortingBucketNormalizedSize: 0
  m_AdditionalShaderChannelsFlag: 0
  m_SortingLayerID: 0
  m_SortingOrder: 0
  m_TargetDisplay: 0
--- !u!114 &8920942639987884597
MonoBehaviour:
  m_ObjectHideFlags: 0
  m_CorrespondingSourceObject: {fileID: 0}
  m_PrefabInstance: {fileID: 0}
  m_PrefabAsset: {fileID: 0}
  m_GameObject: {fileID: 8920942639987884595}
  m_Enabled: 1
  m_EditorHideFlags: 0
  m_Script: {fileID: 11500000, guid: 0cd44c1031e13a943bb63640046fad76, type: 3}
  m_Name: 
  m_EditorClassIdentifier: 
  m_UiScaleMode: 0
  m_ReferencePixelsPerUnit: 100
  m_ScaleFactor: 1
  m_ReferenceResolution: {x: 800, y: 600}
  m_ScreenMatchMode: 0
  m_MatchWidthOrHeight: 0
  m_PhysicalUnit: 3
  m_FallbackScreenDPI: 96
  m_DefaultSpriteDPI: 96
  m_DynamicPixelsPerUnit: 1
--- !u!114 &8920942639987884594
MonoBehaviour:
  m_ObjectHideFlags: 0
  m_CorrespondingSourceObject: {fileID: 0}
  m_PrefabInstance: {fileID: 0}
  m_PrefabAsset: {fileID: 0}
  m_GameObject: {fileID: 8920942639987884595}
  m_Enabled: 1
  m_EditorHideFlags: 0
  m_Script: {fileID: 11500000, guid: dc42784cf147c0c48a680349fa168899, type: 3}
  m_Name: 
  m_EditorClassIdentifier: 
  m_IgnoreReversedGraphics: 1
  m_BlockingObjects: 0
  m_BlockingMask:
    serializedVersion: 2
    m_Bits: 4294967295
--- !u!1001 &2602405414253048588
PrefabInstance:
  m_ObjectHideFlags: 0
  serializedVersion: 2
  m_Modification:
    m_TransformParent: {fileID: 8920942639987884599}
    m_Modifications:
    - target: {fileID: 6904044613613936772, guid: 2c202da1ddadd894fb213545752cf1bd,
        type: 3}
      propertyPath: m_Name
      value: MiniMap
      objectReference: {fileID: 0}
    - target: {fileID: 6904044613613936775, guid: 2c202da1ddadd894fb213545752cf1bd,
        type: 3}
      propertyPath: m_LocalPosition.x
      value: 0
      objectReference: {fileID: 0}
    - target: {fileID: 6904044613613936775, guid: 2c202da1ddadd894fb213545752cf1bd,
        type: 3}
      propertyPath: m_LocalPosition.y
      value: 0
      objectReference: {fileID: 0}
    - target: {fileID: 6904044613613936775, guid: 2c202da1ddadd894fb213545752cf1bd,
        type: 3}
      propertyPath: m_LocalPosition.z
      value: 0
      objectReference: {fileID: 0}
    - target: {fileID: 6904044613613936775, guid: 2c202da1ddadd894fb213545752cf1bd,
        type: 3}
      propertyPath: m_LocalRotation.x
      value: -0
      objectReference: {fileID: 0}
    - target: {fileID: 6904044613613936775, guid: 2c202da1ddadd894fb213545752cf1bd,
        type: 3}
      propertyPath: m_LocalRotation.y
      value: -0
      objectReference: {fileID: 0}
    - target: {fileID: 6904044613613936775, guid: 2c202da1ddadd894fb213545752cf1bd,
        type: 3}
      propertyPath: m_LocalRotation.z
      value: -0
      objectReference: {fileID: 0}
    - target: {fileID: 6904044613613936775, guid: 2c202da1ddadd894fb213545752cf1bd,
        type: 3}
      propertyPath: m_LocalRotation.w
      value: 1
      objectReference: {fileID: 0}
    - target: {fileID: 6904044613613936775, guid: 2c202da1ddadd894fb213545752cf1bd,
        type: 3}
      propertyPath: m_RootOrder
      value: 0
      objectReference: {fileID: 0}
    - target: {fileID: 6904044613613936775, guid: 2c202da1ddadd894fb213545752cf1bd,
        type: 3}
      propertyPath: m_LocalEulerAnglesHint.x
      value: 0
      objectReference: {fileID: 0}
    - target: {fileID: 6904044613613936775, guid: 2c202da1ddadd894fb213545752cf1bd,
        type: 3}
      propertyPath: m_LocalEulerAnglesHint.y
      value: 0
      objectReference: {fileID: 0}
    - target: {fileID: 6904044613613936775, guid: 2c202da1ddadd894fb213545752cf1bd,
        type: 3}
      propertyPath: m_LocalEulerAnglesHint.z
      value: 0
      objectReference: {fileID: 0}
    - target: {fileID: 6904044613613936775, guid: 2c202da1ddadd894fb213545752cf1bd,
        type: 3}
      propertyPath: m_AnchoredPosition.x
      value: -105
      objectReference: {fileID: 0}
    - target: {fileID: 6904044613613936775, guid: 2c202da1ddadd894fb213545752cf1bd,
        type: 3}
      propertyPath: m_AnchoredPosition.y
      value: 105
      objectReference: {fileID: 0}
    - target: {fileID: 6904044613613936775, guid: 2c202da1ddadd894fb213545752cf1bd,
        type: 3}
      propertyPath: m_SizeDelta.x
      value: 160
      objectReference: {fileID: 0}
    - target: {fileID: 6904044613613936775, guid: 2c202da1ddadd894fb213545752cf1bd,
        type: 3}
      propertyPath: m_SizeDelta.y
      value: 160
      objectReference: {fileID: 0}
    - target: {fileID: 6904044613613936775, guid: 2c202da1ddadd894fb213545752cf1bd,
        type: 3}
      propertyPath: m_AnchorMin.x
      value: 1
      objectReference: {fileID: 0}
    - target: {fileID: 6904044613613936775, guid: 2c202da1ddadd894fb213545752cf1bd,
        type: 3}
      propertyPath: m_AnchorMin.y
      value: 0
      objectReference: {fileID: 0}
    - target: {fileID: 6904044613613936775, guid: 2c202da1ddadd894fb213545752cf1bd,
        type: 3}
      propertyPath: m_AnchorMax.x
      value: 1
      objectReference: {fileID: 0}
    - target: {fileID: 6904044613613936775, guid: 2c202da1ddadd894fb213545752cf1bd,
        type: 3}
      propertyPath: m_AnchorMax.y
      value: 0
      objectReference: {fileID: 0}
    - target: {fileID: 6904044613613936775, guid: 2c202da1ddadd894fb213545752cf1bd,
        type: 3}
      propertyPath: m_Pivot.x
      value: 0.5
      objectReference: {fileID: 0}
    - target: {fileID: 6904044613613936775, guid: 2c202da1ddadd894fb213545752cf1bd,
        type: 3}
      propertyPath: m_Pivot.y
      value: 0.5
      objectReference: {fileID: 0}
    m_RemovedComponents: []
  m_SourcePrefab: {fileID: 100100000, guid: 2c202da1ddadd894fb213545752cf1bd, type: 3}
